@article{calhau2023,
  title        = {A system core ontology for capability emergence modeling},
  author       = {Calhau, Rodrigo F and Prince Sales, Tiago and Oliveira, Italo and Kokkula, Satyanarayana and Ferreira Pires, Luis and Cameron, David and Guizzardi, Giancarlo and Almeida, Joao Paulo A},
  booktitle    = {International Conference on Enterprise Design, Operations, and Computing},
  pages        = {3--20},
  year         = {2023},
  organization = {Springer}
}